@inproceedings{cygan_solving_2011,
	title = {Solving connectivity problems parameterized by treewidth in single exponential time},
	pages = {150--159},
	booktitle = {Foundations of Computer Science ({FOCS}), 2011 {IEEE} 52nd Annual Symposium on},
	publisher = {{IEEE}},
	author = {Cygan, Marek and Nederlof, Jesper and Pilipczuk, Marcin and Pilipczuk, Michal and van Rooij, Joham {MM} and Wojtaszczyk, Jakub Onufry},
	date = {2011}
}

@article{robertson1984graph,
  title={Graph minors. III. Planar tree-width},
  author={Robertson, Neil and Seymour, Paul D},
  journal={Journal of Combinatorial Theory, Series B},
  volume={36},
  number={1},
  pages={49--64},
  year={1984},
  publisher={Elsevier}
}

@article{Halin1976,
author={Halin, Rudolf"},
title={S-functions for graphs},
journal={Journal of Geometry},
year={1976},
volume={8},
number={1},
pages={171--186},
issn={1420-8997},
doi={10.1007/BF01917434},
url={http://dx.doi.org/10.1007/BF01917434}
}

@book{kloks1994,
  title={Treewidth: computations and approximations},
  author={Kloks, Ton},
  volume={842},
  year={1994},
  publisher={Springer Science \& Business Media}
}
